@InProceedings{Op,
title = {{Building a Network File System Protocol for Device Access over High Latency Links}},
author = "Francisco Ballesteros et. al.",
booktitle = "IWP9 Proceedings",
month = dec,
year = 2007
}

@InProceedings{HTTPFS,
title = {{A Network File System over HTTP: Remote Access and Modification of Files and \emph{files}}},
author = "Oleg Kiselyov",
booktitle = "Proceedings of the FREENIX Track: 1999 USENIX Annual Technical Conference",
month = jun,
year = 1999
}

@Misc{NFS4,
  author =       "S. Shepler and B. Callaghan and D. Robinson and R. Thurlow and C. Beame and M. Eisler and D. Noveck",
  title =        "{RFC 3530}: Network File System (NFS) version 4 Protocol",
  month =        apr,
  year =         "2003",
  note =         "Status: PROPOSED STANDARD.",
  URL =          "http://tools.ietf.org/html/rfc3530",
  acknowledgment = ack-nhfb,
  online = "yes",
  status = "PROPOSED STANDARD"
}

@Misc{FTPrfc,
	author = "Postel, J. and Reynolds, J.",
	title = "{RFC 959}: File Transfer Protocol",
	month = oct,
	year =	"1985",
	URL =	"http://www.faqs.org/rfcs/rfc959.html",
	online =	"yes"
}

@InProceedings{LBFS,
	author = "A. Muthitacharoen and B. Chen and D. Mazi√®res",
	title = "A Low-bandwidth Network File System",
	booktitle = "Proc. 18th ACM Symp. Op. Sys. principles",
	year = 2001
}

@ARTICLE{TIP,
    author = {R. Hugo Patterson and Garth A. Gibson and M. Satyanarayanan},
    title = {A Status Report on Research in Transparent Informed Prefetching},
    journal = {ACM Operating Systems Review},
    year = {1993},
    volume = {27},
    pages = {23--34}
}

@InProceedings{Lee01appliedtechniques,
	author = {Jason Lee and Dan Gunter and Brian Tierney and Bill Allcock and Joe Bester and John Bresnahan and Steve Tuecke},
	title = {Applied Techniques for High Bandwidth Data Transfers across Wide Area Networks},
	booktitle = {In Proceedings of International Conference on Computing in High Energy and Nuclear Physics},
	year = {2001}
}

@InProceedings{PVFS,
	author = {Carns, Phillip H. and Ligon,III, Walter B. and Ross, Robert B. and Thakur, Rajeev},
	title = {PVFS: A parallel file system for linux clusters},
	booktitle = {ALS'00: Proceedings of the 4th annual Linux Showcanse \& Conference},
	year = {2000},
	pages = {28--28},
	location = {Atlanta, Georgia},
	publisher = {USENIX Association},
	address = {Berkeley, CA, USA},
}

@Article{NFSP,
	author = {Lombard, Pierre and Denneulin, Yves},
	title = {{NFSP: A distributed NFS server for Clusters of Workstations}},
	journal = {Parallel and Distributed Processing Symposium, International},
	volume = {1},
	pages = {0035},
	year = {2002},
	publisher = {IEEE Computer Society},
}

